@misc{Gitnux_2023,
    title={Social Engineering 2023: Statistics and trends},
    url={https://blog.gitnux.com/social-engineering-statistics/#:~:text=victim%20to%20them.-,71%25%20of%20IT%20professionals%20reported%20experiencing%20smishing%20attacks%20in%202021,prevalence%20of%20social%20engineering%20attacks.},
    journal={GITNUX},
    publisher={GITNUX},
    author={Gitnux, Gitnux},
    year={2023},
    month={Jul}} 

@inproceedings{Basin_2016,
  author={Basin, David and Radomirovic, Saa and Schmid, Lara},
  booktitle={2016 IEEE 29th Computer Security Foundations Symposium (CSF)}, 
  title={Modeling Human Errors in Security Protocols}, 
  year={2016},
  pages={325-340},
  doi={10.1109/CSF.2016.30}}


@article{Salahdine_2019,
	author = {Salahdine, Fatima and Kaabouch, Naima},
	journal = {Future Internet},
	number = {4},
	title = {Social Engineering Attacks: A Survey},
	volume = {11},
	year = {2019}}

@inproceedings{Lowe_1997,
    author = {Lowe, Gavin},
    title = {A Hierarchy of Authentication Specifications},
    year = {1997},
    isbn = {0818679905},
    publisher = {IEEE Computer Society},
    address = {USA},
    booktitle = {Proceedings of the 10th IEEE Workshop on Computer Security Foundations},
    pages = {31},
    series = {CSFW '97}}

@article{Basin_2015,
  title={A Complete Characterization of Secure Human-Server Communication},
  author={Basin, David and Radomirovic, Sara and Schlapfer, Michael},
  journal={2015 IEEE 28th Computer Security Foundations Symposium},
  year={2015},
  pages={199-213}}

@article{Miculan_2023,
  author = {Miculan, Marino and Vitacolonna, Nicola},
  title = {Automated Verification of Telegram’s MTProto 2.0 in the Symbolic Model},
  year = {2023},
  issue_date = {Mar 2023},
  publisher = {Elsevier Advanced Technology Publications},
  address = {GBR},
  volume = {126},
  number = {C},
  journal = {Computers and Security},
  numpages = {20}}

@article{DolevYao,
  author={Dolev, D. and Yao, A.},
  journal={IEEE Transactions on Information Theory}, 
  title={On the security of public key protocols}, 
  year={1983},
  volume={29},
  number={2},
  pages={198-208},
  doi={10.1109/TIT.1983.1056650}}

@misc{SoK,
  author = {Barbosa, M. and Barthe, G. and Bhargavan, K. and Blanchet, B. and Cremers, C. and Liao, K. and Parno, B.},
  title = {SoK: Computer-Aided Cryptography},
  howpublished = {Cryptology ePrint Archive, Paper 2019/1393},
  year = {2019}}

@inproceedings{BBSecurityProtocolVerification,
  author = {Bruno, B.},
  title = {Security Protocol Verification: Symbolic and Computational Models},
  year = {2012},
  booktitle = {Principles of Security and Trust},
  editor = {Degano, Pierpaolo and Guttman, Joshua D.},
  pages = {3-29},
  publisher = {Springer Berlin Heidelberg},
  address = {Berlin, Heidelberg},
  isbn = {978-3-642-28641-4}}

@article{ComplexityOfBoundedSecurity,
  author = {Durgin, N and Lincoln, P. and Mitchell, J.},
  month = {Feb},
  year = {2004},
  pages = {247-311},
  title = {Multiset Rewriting and the Complexity of Bounded Security Protocols},
  volume = {12},
  journal = {Journal of Computer Security},
  doi = {10.3233/JCS-2004-12203}}

@misc{PresentazioneVitacolonna,
  title={Symbolic Verification of Security Protocols with Tamarin},
  journal={http://users.dimi.uniud.it},
  publisher={University of Udine},
  author={Vitacolonna, N.},
  year={2021},
  month={May},
  howpublished = {\url{http://users.dimi.uniud.it/~angelo.montanari/SymbolicVerificationWithTamarin.pdf}},
  note = {Accessed: 2022-07-30}}

@inproceedings{clAtse,
  author = {Turuani, M.},
  year = {2006},
  month = {Aug},
  pages = {277-286},
  title = {The CL-Atse protocol analyser},
  volume = {4098},
  isbn = {978-3-540-36834-2},
  booktitle = {Term Rewriting and Applications, Lecture Notes in Computer Science},
  doi = {10.1007/11805618_21}}

@article{ofmc,
  author = {Basin, D. and Mödersheim, S. and Vigano, L.},
  year = {2005},
  month = {Jan},
  pages = {181-208},
  title = {OFMC: A symbolic model checker for security protocols},
  volume = {4},
  journal = {International Journal of Information Security},
  doi = {10.1007/s10207-004-0055-7}}

@inproceedings{satmc,
  author = {Armando, A. and Compagna, L.},
  month = {Sep},
  year = {2004},
  pages = {730-733},
  title = {SATMC: A SAT-based model checker for security protocols},
  volume = {3229},
  isbn = {978-3-540-23242-1},
  booktitle = {Logics in Artificial Intelligence},
  publisher = {Springer Berlin Heidelberg},
  doi = {10.1007/978-3-540-30227-8_68}}

@inproceedings{tamarinIntroduction,
  author = {Meier, S. and Schmidt, B. and Cremers, C. and Basin, D.},
  month = {Jul},
  year = {2013},
  pages = {696-701},
  title = {The TAMARIN Prover for the Symbolic Analysis of Security Protocols},
  volume = {8044},
  isbn = {978-3-642-39798-1},
  booktitle = {Computer Aided Verification},
  doi = {10.1007/978-3-642-39799-8_48}}

@article{proverifIntroduction,
  author = {Blanchet, B.},
  year = {2016},
  month = {Oct},
  pages = {1-135},
  title = {Modeling and Verifying Security Protocols with the Applied Pi Calculus and ProVerif},
  volume = {1},
  journal = {Foundations and Trends in Privacy and Security},
  doi = {10.1561/3300000004}}

@phdthesis{schmidtThesis,
  author  = {Schmidt, B.},
  title   = {Formal analysis of key exchange protocols and physical protocols},
  school  = {ETH},
  year    = {2012}}

@phdthesis{meierThesis,
  author  = {Meier, S.},
  title   = {Advancing automated security protocol verification},
  school  = {ETH},
  year    = {2013}}

@manual{tamarinManual,
  author = "The Tamarin Team",
  title = "Tamarin-Prover Manual: Security Protocol Analysis in the Symbolic Model",
  year = "2022"}

@article{unificationUndecidability,
  author = {Schmidt-Schauss, M.},
  title = {Unification in permutative equational theories is undecidable},
  journal = {Journal of Symbolic Computation},
  year = {1989},
  volume = {8},
  number = {4},
  pages = {415-421},
  doi = {https://doi.org/10.1016/S0747-7171(89)80037-9},
  issn = {0747-7171}}

@inproceedings{xorCompleteness,
  author = {Dreier, J. and Hirschi, L. and Radomirovic, S. and Sasse, R.},
  month = {Jul},
  year = {2018},
  pages = {359-373},
  booktitle={2018 IEEE 31st Computer Security Foundations Symposium (CSF)}, 
  title = {Automated Unbounded Verification of Stateful Cryptographic Protocols with Exclusive OR},
  doi = {10.1109/CSF.2018.00033}}

@inproceedings{tamarinObsEquivalences,
  author = {Basin, D. and Dreier, J. and Sasse, R.},
  month = {Oct},
  year = {2015},
  pages = {1144-1155},
  title = {Automated Symbolic Proofs of Observational Equivalence},
  booktitle = {Proceedings of the 22nd ACM SIGSAC Conference on Computer and Communications Security}, 
  doi = {10.1145/2810103.2813662}}

@inproceedings{traceObservableProperties,
  author = {Cortier, V. and Delaune, S.},
  year = {2009},
  month = {Jul},
  pages = {266-276},
  title = {A Method for Proving Observational Equivalence},
  booktitle={2009 22nd IEEE Computer Security Foundations Symposium}, 
  journal = {Proceedings - IEEE Computer Security Foundations Symposium},
  doi = {10.1109/CSF.2009.9}}

@inbook{autosources,
  author = {Cortier, V. and Delaune, S. and Dreier, J.},
  booktitle = {Computer Security -- ESORICS 2020},
  publisher = {Springer International Publishing},
  month = {Sep},
  pages = {3-22},
  title = {Automatic Generation of Sources Lemmas in Tamarin: Towards Automatic Proofs of Security Protocols},
  year = {2020},
  isbn = {978-3-030-59012-3},
  doi = {10.1007/978-3-030-59013-0_1}}

@inproceedings{TamarinFoundations,
  author={Schmidt, B. and Meier, S. and Cremers, C. and Basin, D.},
  booktitle={2012 IEEE 25th Computer Security Foundations Symposium}, 
  title={Automated Analysis of Diffie-Hellman Protocols and Advanced Security Properties}, 
  year={2012},
  pages={78-94},
  doi={10.1109/CSF.2012.25}}

@article{needhamschroeder,
  author = {Needham, Roger M. and Schroeder, Michael D.},
  title = {Using Encryption for Authentication in Large Networks of Computers},
  year = {1978},
  volume = {21},
  number = {12},
  doi = {10.1145/359657.359659},
  journal = {Commun. ACM},
  month = {Dec},
  pages = {993-999},
  numpages = {7}}

@article{timestampfix,
	author = {Denning, D. and Sacco, G.},
	journal = {Commun. ACM},
	month = {Aug},
	pages = {533-536},
	title = {Timestamps in Key Distribution Protocols},
	volume = {24},
	year = {1981}}

@misc{github,
  title={Symbolic Verification of Security Protocols with Tamarin},
  journal={https://www.github.com},
  author={D'Ambrosi, D.},
  year={2023},
  month={May},
  howpublished = {\url{https://github.com/dambrosidenis/Computer-Network-Security}},
  note = {Accessed: 2023-05-05}}

@misc{tamarin,
  title={Tamarin Prover},
  journal={https://www.github.com},
  author={The Tamarin Team},
  year={2013},
  howpublished = {\url{https://tamarin-prover.github.io}},
  note = {Accessed: 2023-05-05}}

@misc{GNUtime,
  author = {GNU},
  title = {time(1) - linux man page},
  howpublished = {\url{https://linux.die.net/man/1/time}}}

@article{x3dh,
  title={The x3dh key agreement protocol},
  author={Marlinspike, M. and Perrin, T.},
  journal={Open Whisper Systems},
  volume={283},
  pages={10},
  year={2016}
}

@inproceedings{undecidability,
  author={Even, S. and Goldreich, O.},
  booktitle={24th Annual Symposium on Foundations of Computer Science (sfcs 1983)}, 
  title={On the security of multi-party ping-pong protocols}, 
  year={1983},
  pages={34-39},
  doi={10.1109/SFCS.1983.42}}

@inproceedings{symbvscomp,
	author = {Blanchet, B.},
	booktitle = {Principles of Security and Trust},
	isbn = {978-3-642-28641-4},
	pages = {3--29},
	title = {Security Protocol Verification: Symbolic and Computational Models},
	year = {2012}}

@article{goldwasser,
	author = {Goldwasser, S. and Micali, S.},
	journal = {Journal of Computer and System Sciences},
	number = {2},
	pages = {270-299},
	title = {Probabilistic encryption},
	volume = {28},
	year = {1984}}

@article{rivest,
	author = {Goldwasser, S. and Micali, S. and Rivest, R. L.},
	journal = {SIAM Journal on Computing},
	number = {2},
	pages = {281-308},
	title = {A Digital Signature Scheme Secure Against Adaptive Chosen-Message Attacks},
	volume = {17},
	year = {1988}}

@INPROCEEDINGS{yao,
  author={Yao, A. C.},
  booktitle={23rd Annual Symposium on Foundations of Computer Science (sfcs 1982)}, 
  title={Theory and application of trapdoor functions}, 
  year={1982},
  pages={80-91},
  doi={10.1109/SFCS.1982.45}}

@article{subtermconvergent,
	author = {Chevalier, Y. and Rusinowitch, M.},
	journal = {Journal of Automated Reasoning},
	number = {2},
	pages = {263--292},
	title = {Decidability of Equivalence of Symbolic Derivations},
	volume = {48},
	year = {2012}}

@misc{signdh,
      author = {Thormarker, E.},
      title = {On using the same key pair for Ed25519 and an X25519 based KEM},
      howpublished = {Cryptology ePrint Archive, Paper 2021/509},
      year = {2021}}